<record><leader>00000cas a22000007a 4500</leader><controlfield tag="001">12795527</controlfield><controlfield tag="008">851114d18441847scuwr ne      0   a0eng d</controlfield><datafield ind1=" " ind2=" " tag="010"><subfield code="a">sn 85026944 </subfield></datafield><datafield ind1=" " ind2=" " tag="040"><subfield code="a">NPX</subfield><subfield code="b">eng</subfield><subfield code="c">NPX</subfield><subfield code="d">DLC</subfield><subfield code="d">SVN</subfield><subfield code="d">FUG</subfield><subfield code="d">OCL</subfield><subfield code="d">OCLCQ</subfield><subfield code="d">OCLCF</subfield><subfield code="d">DLC</subfield></datafield><datafield ind1="0" ind2=" " tag="022"><subfield code="a">2373-1338</subfield><subfield code="2">1</subfield></datafield><datafield ind1=" " ind2=" " tag="042"><subfield code="a">msc</subfield><subfield code="a">nsdp</subfield></datafield><datafield ind1=" " ind2=" " tag="043"><subfield code="a">n-us-sc</subfield></datafield><datafield ind1="0" ind2="0" tag="050"><subfield code="a">Newspaper</subfield></datafield><datafield ind1="0" ind2="0" tag="082"><subfield code="a">071</subfield><subfield code="2">23</subfield></datafield><datafield ind1="0" ind2=" " tag="130"><subfield code="a">Banner (Abbeville, S.C.)</subfield></datafield><datafield ind1=" " ind2="4" tag="222"><subfield code="a">The banner</subfield><subfield code="b">(Abbeville, S.C. Print)</subfield></datafield><datafield ind1="1" ind2="4" tag="245"><subfield code="a">The banner.</subfield></datafield><datafield ind1=" " ind2=" " tag="260"><subfield code="a">Abbeville, S.C. :</subfield><subfield code="b">Allen &amp; Kerr,</subfield><subfield code="c">-1847.</subfield></datafield><datafield ind1=" " ind2=" " tag="300"><subfield code="a">v.</subfield></datafield><datafield ind1=" " ind2=" " tag="310"><subfield code="a">Weekly</subfield></datafield><datafield ind1="1" ind2=" " tag="362"><subfield code="a">Began in 1844.</subfield></datafield><datafield ind1="0" ind2=" " tag="362"><subfield code="a">-v. 3, no. 52 (Feb. 24, 1847).</subfield></datafield><datafield ind1=" " ind2=" " tag="530"><subfield code="a">Archived issues are available in digital format from the Library of Congress Chronicling America online collection.</subfield></datafield><datafield ind1=" " ind2=" " tag="588"><subfield code="a">Description based on: Vol. 2, no. 51 (Feb. 18, 1846).</subfield></datafield><datafield ind1=" " ind2="0" tag="651"><subfield code="a">Abbeville (S.C.)</subfield><subfield code="v">Newspapers.</subfield></datafield><datafield ind1=" " ind2="0" tag="651"><subfield code="a">Abbeville County (S.C.)</subfield><subfield code="v">Newspapers.</subfield></datafield><datafield ind1=" " ind2="7" tag="651"><subfield code="a">South Carolina</subfield><subfield code="z">Abbeville.</subfield><subfield code="2">fast</subfield><subfield code="0">(OCoLC)fst01206845</subfield></datafield><datafield ind1=" " ind2="7" tag="651"><subfield code="a">South Carolina</subfield><subfield code="z">Abbeville County.</subfield><subfield code="2">fast</subfield><subfield code="0">(OCoLC)fst01209948</subfield></datafield><datafield ind1=" " ind2="7" tag="655"><subfield code="a">Newspapers.</subfield><subfield code="2">fast</subfield><subfield code="0">(OCoLC)fst01423814</subfield></datafield><datafield ind1=" " ind2=" " tag="752"><subfield code="a">United States</subfield><subfield code="b">South Carolina</subfield><subfield code="c">Abbeville</subfield><subfield code="d">Abbeville.</subfield></datafield><datafield ind1="0" ind2="8" tag="776"><subfield code="i">Online version:</subfield><subfield code="t">Banner (Abbeville, S.C. : Online)</subfield><subfield code="x">2373-1346</subfield><subfield code="w">(DLC)  2014218368</subfield></datafield><datafield ind1="0" ind2="0" tag="785"><subfield code="t">Abbeville banner</subfield><subfield code="w">(DLC)sn 85026945</subfield><subfield code="w">(OCoLC)12795764</subfield></datafield><datafield ind1="4" ind2="1" tag="856"><subfield code="u">http://www.loc.gov/chroniclingamerica/lccn/sn85026944/issues</subfield></datafield></record>